@INPROCEEDINGS{bac1,
	author={Natarajan, P. and Krishnan, N and Kenkre, Natasha Sandeep and Nancy, Shraiya and Singh, Bhuvanesh Pratap},
	booktitle={2012 IEEE International Conference on Computational Intelligence and Computing Research},
	title={Tumor detection using threshold operation in MRI brain images},
	year={2012},
	volume={},
	number={},
	pages={1-4},
	doi={10.1109/ICCIC.2012.6510299}}

@inproceedings{
	bac2,
	author={Joshi, Dipali and Rana, N.K. and Misra, V.M.},
	year = {2010},
	month = {06},
	pages = {112 - 116},
	title = {Classification of Brain Cancer using Artificial Neural Network},
	journal = {ICECT 2010 - Proceedings of the 2010 2nd International Conference on Electronic Computer Technology},
	doi = {10.1109/ICECTECH.2010.5479975}}

@inproceedings{
	bac3,
	author = {Salem, Mohammed Abdel-Megeed Mohammed},
	year   = {2012},
	month  = {01},
	pages  = {},
	title  = {Brain Tumor Diagnosis Systems Based on Artificial Neural Networks and Segmentation using MRI}}

@inproceedings{bac4,
	title={Brain Tumor Detection Using Neural Network},
	author={Pankaj Sapra and Rupinderpal Singh and Shivani Khurana}}

@inproceedings{
	bac5,
	author = {Goswami, Suchita and Bhaiya, L.K.P.},
	year = {2013},
	month = {04},
	pages = {573-577},
	title = {Brain Tumour Detection Using Unsupervised Learning Based Neural Network},
	isbn = {978-1-4673-5603-9},
	journal = {Proceedings - 2013 International Conference on Communication Systems and Network Technologies, CSNT 2013},
	doi = {10.1109/CSNT.2013.123}}

@inproceedings{
	bac6,
	author = {Rajeshwari, S. and Sharmila, T.},
	year = {2013},
	month = {04},
	pages = {391-396},
	title = {Efficient quality analysis of MRI image using preprocessing techniques},
	isbn = {978-1-4673-5759-3},
	journal = {2013 IEEE Conference on Information and Communication Technologies, ICT 2013},
	doi = {10.1109/CICT.2013.6558127}}

@inproceedings {
	relu_layer,
	author = {Krizhevsky, A. Sutskever and I. Hinton, G. E.},
	year = {2012},
	title = {Imagenet classification with deep convolutional neural networks},
	pages = {1097-1105},
	url = "https://proceedings.neurips.cc/paper/2012/file/c399862d3b9d6b76c8436e924a68c45b-Paper.pdf"
}

@book {
	covnet_arch,
	author = {Géron, Aurélien},
	year = {2019},
	title = {Hands-on Machine Learning with Scikit-Learn, Keras, and TensorFlow},
	isbn = {978-1-492-03264-9},
	publisher = {O'Reilly Media},
	address = {Sebastopol, CA},
}

@misc{simonyan2015deep,
	title={Very Deep Convolutional Networks for Large-Scale Image Recognition},
	author={Karen Simonyan and Andrew Zisserman},
	year={2015},
	eprint={1409.1556},
	archivePrefix={arXiv},
	primaryClass={cs.CV}
}

@misc{he2015deep,
	title={Deep Residual Learning for Image Recognition},
	author={Kaiming He and Xiangyu Zhang and Shaoqing Ren and Jian Sun},
	year={2015},
	eprint={1512.03385},
	archivePrefix={arXiv},
	primaryClass={cs.CV}
}

@inproceedings{George2012MRIBI,
	title={MRI Brain Image Enhancement Using Filtering Techniques},
	author={E. George},
	year={2012}
}

@inproceedings{Funmilola2015ClassificationOA,
	title={Classification of Abnormalities in Brain MRI Images Using PCA and SVM},
	author={A. Funmilola and Fenwa Olusayo and A. Elizabeth},
	year={2015}
}

@INPROCEEDINGS{9074375,
	author={Bhanothu, Yakub and Kamalakannan, Anandhanarayanan and Rajamanickam, Govindaraj},
	booktitle={2020 6th International Conference on Advanced Computing and Communication Systems (ICACCS)},
	title={Detection and Classification of Brain Tumor in MRI Images using Deep Convolutional Network},
	year={2020},
	volume={},
	number={},
	pages={248-252},
	doi={10.1109/ICACCS48705.2020.9074375}}

@article{
	article,
	author = {Shbib, Reda},
	year = {2019},
	month = {06},
	pages = {},
	title = {MRI Brain Image Segmentation using Modified Fuzzy Logic Clustering (MFLC)},
	volume = {V8},
	journal = {International Journal of Engineering Research and},
	doi = {10.17577/IJERTV8IS060438}
}

@inproceedings{
	inproceedings,
	author = {Rajesh, T. and Malar, R.},
	year = {2013},
	month = {07},
	pages = {240-244},
	title = {Rough set theory and feed forward neural network based brain tumor detection in magnetic resonance images},
	isbn = {978-1-4799-1377-0},
	doi = {10.1109/ICANMEET.2013.6609287}
}

@article{
	article2,
	author = {Ramteke, Rakesh and Khachane, Monali},
	year = {2012},
	month = {12},
	pages = {190-196},
	title = {Automatic Medical Image Classification and Abnormality Detection Using K- Nearest Neighbour},
	volume = {Volume-2 Number-4},
	journal = {International Journal of Advanced Computer Research}
}

@INPROCEEDINGS{
	4297123,
	author={Xuan, Xiao and Liao, Qingmin},
	booktitle={Fourth International Conference on Image and Graphics (ICIG 2007)},
	title={Statistical Structure Analysis in MRI Brain Tumor Segmentation},
	year={2007},
	volume={},
	number={},
	pages={421-426},
	doi={10.1109/ICIG.2007.181}
}

@INPROCEEDINGS{5730335,
	author={Othman, Mohd Fauzi and Basri, Mohd Ariffanan Mohd},
	booktitle={2011 Second International Conference on Intelligent Systems, Modelling and Simulation},
	title={Probabilistic Neural Network for Brain Tumor Classification},
	year={2011},
	volume={},
	number={},
	pages={136-138},
	doi={10.1109/ISMS.2011.32}
}

@inproceedings{
	inproceedings2,
	author = {Ibrahim, Hussein and Ahmed, Abdelrhman and Mohamed, Yusra},
	year = {2013},
	month = {08},
	pages = {253-258},
	title = {MRI brain image classification using neural networks},
	isbn = {978-1-4673-6231-3},
	doi = {10.1109/ICCEEE.2013.6633943}
}

@article{
	article3,
	author = {Kharrat, Ahmed and Karim, Gasmi and ben messaoud, Mohamed and Benamrane, Nacéra and Mohamed, Abid},
	year = {2010},
	month = {12},
	pages = {},
	title = {A Hybrid Approach for Automatic Classification of Brain MRI Using Genetic Algorithm and Support Vector Machine},
	volume = {17},
	journal = {Leonardo Journal of Sciences}
}

@article{
	article4,
	author = {Marshkole, Neelam and Singh, Bikesh and Thoke, A},
	year = {2011},
	month = {01},
	pages = {},
	title = {Texture and Shape based Classification of Brain Tumors using Linear Vector Quantization},
	volume = {30}
}

@INPROCEEDINGS{
	6524466,
	author={Goswami, Suchita and Bhaiya, Lalit Kumar P.},
	booktitle={2013 International Conference on Communication Systems and Network Technologies},
	title={Brain Tumour Detection Using Unsupervised Learning Based Neural Network},
	year={2013},
	volume={},
	number={},
	pages={573-577},
	doi={10.1109/CSNT.2013.123}
}
